@article {Marquez2022,
    author = {Marquez, Carina and Kerkhoff, Andrew D. and Schrom, John and Rojas, Susana and Black, Douglas and Mitchell, Anthea and Wang, Chung-Yu and Pilarowski, Genay and Ribeiro, Salustiano and Jones, Diane and Payan, Joselin and Manganelli, Simone and Rojas, Susy and Lemus, Jonathan and Jain, Vivek and Chamie, Gabriel and Tulier-Laiwa, Valerie and Petersen, Maya and DeRisi, Joseph and Havlir, Diane V.},
    title = {COVID-19 Symptoms and Duration of Rapid Antigen Test Positivity at a Community Testing and Surveillance Site During Pre-Delta, Delta, and Omicron BA.1 Periods},
    journal = {JAMA Network Open},
    volume = {5},
    number = {10},
    pages = {e2235844},
    year = {2022},
    month = {10},
    doi = {10.1001/jamanetworkopen.2022.35844}
}




